<record><leader>00000cas a2200000 a 4500</leader><controlfield tag="001">11388548</controlfield><controlfield tag="008">841115d19061911ksuwr ne      0   a0eng d</controlfield><datafield ind1=" " ind2=" " tag="010"><subfield code="a">sn 84030011 </subfield></datafield><datafield ind1=" " ind2=" " tag="040"><subfield code="a">KSH</subfield><subfield code="b">eng</subfield><subfield code="c">KSH</subfield><subfield code="d">NPT</subfield><subfield code="d">OCL</subfield><subfield code="d">OCLCQ</subfield></datafield><datafield ind1=" " ind2=" " tag="042"><subfield code="a">msc</subfield></datafield><datafield ind1="0" ind2="4" tag="245"><subfield code="a">The Hill City new era.</subfield></datafield><datafield ind1="1" ind2="3" tag="246"><subfield code="a">New era</subfield><subfield code="f">Mar. 1, 1906-Jan. 25, 1907</subfield></datafield><datafield ind1=" " ind2=" " tag="260"><subfield code="a">Hill City, Kan. :</subfield><subfield code="b">H.D. Clayton,</subfield><subfield code="c">1906-1911.</subfield></datafield><datafield ind1=" " ind2=" " tag="300"><subfield code="a">6 v. :</subfield><subfield code="b">ill. ;</subfield><subfield code="c">51-56 cm.</subfield></datafield><datafield ind1=" " ind2=" " tag="310"><subfield code="a">Weekly</subfield></datafield><datafield ind1="0" ind2=" " tag="362"><subfield code="a">Vol. 1, no. 1 (Mar. 1, 1906)-v. 6, no. 46 (Jan. 5, 1911).</subfield></datafield><datafield ind1=" " ind2=" " tag="500"><subfield code="a">Published by Geo. B. Munson, Oct. 25, 1907-Jan. 5, 1911.</subfield></datafield><datafield ind1=" " ind2=" " tag="500"><subfield code="a">"Republican."</subfield></datafield><datafield ind1=" " ind2=" " tag="525"><subfield code="a">Some issues have supplements.</subfield></datafield><datafield ind1=" " ind2=" " tag="752"><subfield code="a">United States</subfield><subfield code="b">Kansas</subfield><subfield code="c">Graham</subfield><subfield code="d">Hill City.</subfield></datafield><datafield ind1="0" ind2="7" tag="785"><subfield code="t">People's reveille</subfield><subfield code="w">(DLC)sn 84030017</subfield></datafield><datafield ind1="0" ind2="7" tag="785"><subfield code="t">Reveille-new era</subfield><subfield code="w">(DLC)sn 84030018</subfield></datafield></record>